@article{cuesta2022comparison,
  title={A comparison of mixed-variables Bayesian optimization approaches},
  author={Cuesta Ramirez, Jhouben and Le Riche, Rodolphe and Roustant, Olivier and Perrin, Guillaume and Durantin, Cedric and Gliere, Alain},
  journal={Advanced Modeling and Simulation in Engineering Sciences},
  volume={9},
  number={1},
  pages={1--29},
  year={2022},
  publisher={Springer}
}

@unpublished{binois:hal-03419959,
  TITLE = {{A survey on high-dimensional Gaussian process modeling with application to Bayesian optimization}},
  AUTHOR = {Binois, Mickael and Wycoff, Nathan},
  URL = {https://hal.inria.fr/hal-03419959},
  NOTE = {working paper or preprint},
  YEAR = {2022},
  MONTH = May,
  KEYWORDS = {Black-box optimization ; low-intrinsic dimensionality ; additivity ; variable selection ; active subspace},
  PDF = {https://hal.inria.fr/hal-03419959v2/file/SurveyHighDimBO_hal.pdf},
  HAL_ID = {hal-03419959},
  HAL_VERSION = {v2},
}

@article{pelamatti2022coupling,
  title={Coupling and selecting constraints in Bayesian optimization under uncertainties},
  author={Pelamatti, Julien and Le Riche, Rodolphe and Helbert, C{\'e}line and Blanchet-Scalliet, Christophette},
  journal={arXiv preprint arXiv:2204.00527},
  year={2022}
}

@article{kerschke2019automated,
  title={Automated algorithm selection on continuous black-box problems by combining exploratory landscape analysis and machine learning},
  author={Kerschke, Pascal and Trautmann, Heike},
  journal={Evolutionary computation},
  volume={27},
  number={1},
  pages={99--127},
  year={2019},
  publisher={MIT Press One Rogers Street, Cambridge, MA 02142-1209, USA journals-info~â€¦}
}

@incollection{bosse2012relative,
  title={The relative cost of function and derivative evaluations in the {CUTEr} test set},
  author={Bosse, Torsten and Griewank, Andreas},
  booktitle={Recent Advances in Algorithmic Differentiation},
  pages={233--240},
  year={2012},
  publisher={Springer}
}

@article{hansen2021coco,
  title={{COCO}: A platform for comparing continuous optimizers in a black-box setting},
  author={Hansen, Nikolaus and Auger, Anne and Ros, Raymond and Mersmann, Olaf and Tu{\v{s}}ar, Tea and Brockhoff, Dimo},
  journal={Optimization Methods and Software},
  volume={36},
  number={1},
  pages={114--144},
  year={2021},
  publisher={Taylor \& Francis}
}

@article{wolpert1997no,
  title={No free lunch theorems for optimization},
  author={Wolpert, David H and Macready, William G},
  journal={IEEE transactions on evolutionary computation},
  volume={1},
  number={1},
  pages={67--82},
  year={1997},
  publisher={IEEE}
}

@book{audet2017derivative,
  title={Derivative-free and blackbox optimization},
  author={Audet, Charles and Hare, Warren},
  volume={2},
  year={2017},
  publisher={Springer}
}

@inproceedings{ExpectedImprovement,
        title={On {Bayesian} methods for seeking the extremum},
        author={Mockus, Jonas},
        booktitle={Optimization Techniques IFIP Technical Conference},
        pages={400--404},
        year={1975},
        organization={Springer}
}

@inproceedings{sarkar2016constructivist,
  title={Constructivist design for interactive machine learning},
  author={Sarkar, Advait},
  booktitle={Proceedings of the 2016 {CHI} conference extended abstracts on human factors in computing systems},
  pages={1467--1475},
  year={2016}
}

@article{guyTempsEspace,
  title={Penser le temps et l'espace},
  author={Guy, Bernard},
  journal={Philosophia Santiae},
  volume={15},
  number={3},
  pages={891--113},
  year={2011},
  note={doi=10.4000/philosophiascientiae.684}
}

@article{box1951experimental,
  title={On the experimental attainment of optimum conditions},
  journal={Journal of the Royal Statistical Society, Series B},
  author={Box, George EP and Wilson, Kenneth B},
  pages={1--45},
  volume = {13},
  number = 1,
  year={1951}
}

@article{lemarechal2012cauchy,
  title={Cauchy and the gradient method},
  author={Lemar{\'e}chal, Claude},
  journal={Doc Math Extra},
  volume={251},
  number={254},
  pages={10},
  year={2012}
}

@article{curry1944method,
  title={The method of steepest descent for non-linear minimization problems},
  author={Curry, Haskell B},
  journal={Quarterly of Applied Mathematics},
  volume={2},
  number={3},
  pages={258--261},
  year={1944}
}

@article{dantzig1955generalized,
  title={The generalized simplex method for minimizing a linear form under linear inequality restraints},
  author={Dantzig, George B and Orden, Alex and Wolfe, Philip and others},
  journal={Pacific Journal of Mathematics},
  volume={5},
  number={2},
  pages={183--195},
  year={1955}
}

@article{irisarri2014optimal,
  title={Optimal design of laminated composite structures with ply drops using stacking sequence tables},
  author={Irisarri, F-X and Lasseigne, Alexis and Leroy, F-H and Le Riche, Rodolphe},
  journal={Composite Structures},
  volume={107},
  pages={559--569},
  year={2014},
  publisher={Elsevier}
}

@techreport{roustant:hal-03217277,
  TITLE = {{Chair in applied mathematics OQUAIDO Activity report}},
  AUTHOR = {Roustant, Olivier and Le Riche, Rodolphe and Garnier, Josselin and Ginsbourger, David and Deville, yves and Helbert, C{\'e}line and Pronzato, Luc and Prieur, Cl{\'e}mentine and Gamboa, Fabrice and Bachoc, Fran{\c c}ois and Rohmer, Jeremy and Perrin, Guillaume and Marrel, Amandine and Damblin, Guillaume and Gliere, Alain and Sinoquet, Delphine and Richet, yann and da Veiga, S{\'e}bastien and Huguet, Fr{\'e}d{\'e}ric},
  URL = {https://hal.archives-ouvertes.fr/hal-03217277},
  TYPE = {Research Report},
  INSTITUTION = {OQUAIDO consortium},
  YEAR = {2021},
  MONTH = Apr,
  KEYWORDS = {Statistical modeling ; Gaussian processes regression ; Model identification/reduction ; Optimization Methods ; Scientific project management ; Uncertainty quantification},
  PDF = {https://hal.archives-ouvertes.fr/hal-03217277v2/file/BILAN_SCIENTIFIQUE_OQUAIDO.pdf},
  HAL_ID = {hal-03217277},
  HAL_VERSION = {v2},
  note = {HAL report \url{https://hal.archives-ouvertes.fr/hal-03217277}}
}


@book{brevault2020aerospace,
  title={Aerospace System Analysis and Optimization in Uncertainty},
  author={Br{\'e}vault, Lo{\"\i}c and Balesdent, Mathieu and Morio, J{\'e}r{\^o}me and others},
  year={2020},
  publisher={Springer}
}

@article{tsoukias2008decision,
  title={From decision theory to decision aiding methodology},
  author={Tsouki{\`a}s, Alexis},
  journal={European journal of operational research},
  volume={187},
  number={1},
  pages={138--161},
  year={2008},
  publisher={Elsevier}
}

@article{duchi2011adaptive,
  title={Adaptive subgradient methods for online learning and stochastic optimization.},
  author={Duchi, John and Hazan, Elad and Singer, Yoram},
  journal={Journal of machine learning research},
  volume={12},
  number={7},
  year={2011}
}

@article{hansen2001completely,
  title={Completely derandomized self-adaptation in evolution strategies},
  author={Hansen, Nikolaus and Ostermeier, Andreas},
  journal={Evolutionary computation},
  volume={9},
  number={2},
  pages={159--195},
  year={2001},
  publisher={MIT Press}
}

@article{tieleman2012lecture,
  title={Lecture 6.5-rmsprop: Divide the gradient by a running average of its recent magnitude},
  author={Tieleman, Tijmen and Hinton, Geoffrey and others},
  journal={COURSERA: Neural networks for machine learning},
  volume={4},
  number={2},
  pages={26--31},
  year={2012}
}

@article{kingma2014adam,
  title={{Adam}: A method for stochastic optimization},
  author={Kingma, Diederik P and Ba, Jimmy},
  journal={arXiv preprint arXiv:1412.6980},
  year={2014}
}

@misc{bachoptimization,
  author={Bach, Francis},
  title={Optimization for Large Scale Machine Learning},
  month         = {September},
  year          = {2020},
  note = {Hausdorff School, \url{https://www.di.ens.fr/~fbach/hausdorff2020_with_video.pdf}}
}
}

@article{snoek2012practical,
  title={Practical bayesian optimization of machine learning algorithms},
  author={Snoek, Jasper and Larochelle, Hugo and Adams, Ryan P},
  journal={Advances in neural information processing systems},
  volume={25},
  year={2012}
}

@article{sun2019survey,
  title={A survey of optimization methods from a machine learning perspective},
  author={Sun, Shiliang and Cao, Zehui and Zhu, Han and Zhao, Jing},
  journal={IEEE transactions on cybernetics},
  volume={50},
  number={8},
  pages={3668--3681},
  year={2019},
  publisher={IEEE}
}

@book{sra2012optimization,
  title={Optimization for machine learning},
  author={Sra, Suvrit and Nowozin, Sebastian and Wright, Stephen J},
  year={2012},
  publisher={Mit Press}
}

@article{cauchy1847methode,
  title={M{\'e}thode g{\'e}n{\'e}rale pour la r{\'e}solution des syst{\`e}mes d'{\'e}quations simultan{\'e}es},
  author={Cauchy, Augustin and others},
  journal={Comp. Rend. Sci. Paris},
  volume={25},
  number={1847},
  pages={536--538},
  year={1847}
}

@inproceedings{nesterov1983method,
  title={A method for unconstrained convex minimization problem with the rate of convergence {O}(1/$k^2$)},
  author={Nesterov, Yurii},
  booktitle={Doklady an {USSR}},
  volume={269},
  pages={543--547},
  year={1983}
}

@article{polyak1964some,
  title={Some methods of speeding up the convergence of iteration methods},
  author={Polyak, Boris T},
  journal={{USSR} computational mathematics and mathematical physics},
  volume={4},
  number={5},
  pages={1--17},
  year={1964},
  publisher={Elsevier}
}

@inproceedings{sgueglia2018exploration,
  title={Exploration and sizing of a large passenger aircraft with distributed ducted electric fans},
  author={Sgueglia, Alessandro and Schmollgruber, Peter and Bartoli, Nathalie and Atinault, Olivier and Benard, Emmanuel and Morlier, Joseph},
  booktitle={2018 AIAA Aerospace Sciences Meeting},
  pages={1745},
  year={2018}
}

@book{minoux2008programmation,
  title={Programmation math{\'e}matique. Th{\'e}orie et algorithmes},
  author={Minoux, Michel},
  year={2008},
  publisher={Lavoisier}
}

@misc{ravikumar17,
  author        = {Pradeep Ravikumar and Aarti Singh},
  title         = {Convex optimization},
  month         = {fall},
  year          = {2017},
  location = {School of Computer Science Carnegie Mellon University},
  note = {\url{http://www.cs.cmu.edu/~pradeepr/convexopt/}}
}

@inproceedings{schmidt2007fast,
  title={Fast optimization methods for l1 regularization: A comparative study and two new approaches},
  author={Schmidt, Mark and Fung, Glenn and Rosales, Rmer},
  booktitle={European Conference on Machine Learning},
  pages={286--297},
  year={2007},
  organization={Springer}
}

@article{sun2019optimization,
  title={Optimization for deep learning: theory and algorithms},
  author={Sun, Ruoyu},
  journal={arXiv preprint arXiv:1912.08957},
  year={2019}
}

@article{bishop2006pattern,
  title={Pattern recognition and machine learning},
  author={Bishop, Christopher M},
  publisher={Springer},
  year={2006}
}

@article{fukushima2010evolution,
  title={Evolution of magma conduits during the 1998--2000 eruptions of Piton de la Fournaise volcano, R{\'e}union Island},
  author={Fukushima, Yo and Cayol, Valerie and Durand, P and Massonnet, D},
  journal={Journal of Geophysical Research: Solid Earth},
  volume={115},
  number={B10},
  year={2010},
  publisher={Wiley Online Library}
}

@Misc{mu_li_video19,
  author =   {Mu Li},
  title =    {Gradient descent and convergence rate},
  howpublished = {\url{https://youtu.be/LJ05Ujfrsk0}},
note = {video of Berkeley stat 157 course},
  year =     2019
}
